<record><leader>00000cas a22000007a 4500</leader><controlfield tag="001">13348379</controlfield><controlfield tag="008">860326d18761882pauwr ne      0    0eng d</controlfield><datafield ind1=" " ind2=" " tag="010"><subfield code="a">sn 86081414 </subfield></datafield><datafield ind1=" " ind2=" " tag="040"><subfield code="a">NPH</subfield><subfield code="b">eng</subfield><subfield code="c">NPH</subfield><subfield code="d">OCLCQ</subfield></datafield><datafield ind1=" " ind2=" " tag="042"><subfield code="a">msc</subfield></datafield><datafield ind1="0" ind2=" " tag="130"><subfield code="a">Ledger (Newport, Pa.)</subfield></datafield><datafield ind1="1" ind2="4" tag="245"><subfield code="a">The ledger.</subfield></datafield><datafield ind1=" " ind2=" " tag="260"><subfield code="a">Newport, Pa. :</subfield><subfield code="b">Geo. Shrom,</subfield><subfield code="c">1876-1882.</subfield></datafield><datafield ind1=" " ind2=" " tag="300"><subfield code="a">5 v.</subfield></datafield><datafield ind1=" " ind2=" " tag="310"><subfield code="a">Weekly</subfield></datafield><datafield ind1="0" ind2=" " tag="362"><subfield code="a">Vol. 2, no. 35 (Dec. 16, 1876)-v. 7, no. 50 (Apr. 15, 1882).</subfield></datafield><datafield ind1=" " ind2=" " tag="752"><subfield code="a">United States</subfield><subfield code="b">Pennsylvania</subfield><subfield code="c">Perry</subfield><subfield code="d">Newport.</subfield></datafield><datafield ind1="0" ind2="0" tag="780"><subfield code="t">Millerstown ledger</subfield><subfield code="w">(DLC)sn 86081415</subfield><subfield code="w">(OCoLC)13348455</subfield></datafield><datafield ind1="0" ind2="0" tag="785"><subfield code="t">Newport ledger</subfield><subfield code="w">(DLC)sn 86081417</subfield><subfield code="w">(OCoLC)13348650</subfield></datafield></record>